@misc{SynolakisBernard:pmel135,
  author="C. E. Synolakis and E. N. Bernard and V. V. Titov and U. Kanoglu
    and F. Gonz\'ales",
  title="Standards, criteria, and procedures for {NOAA}
    evaluation of tsunami numerical models",
  howpublished="NOAA Tech. Memo. OAR PMEL-135, 
    \url{http://nctr.pmel.noaa.gov/benchmark/SP_3053.pdf}",
  year="2007",
}

